<?xml version="1.0" encoding="UTF-8"?><collection xmlns="http://www.loc.gov/MARC21/slim"><record><leader>00357nam--2200133-i-4500</leader><controlfield tag="001">000024542</controlfield><controlfield tag="002">20161230</controlfield><controlfield tag="005">20161230201035</controlfield><controlfield tag="008">060222s1000------------r-----000-0-eng-d</controlfield><datafield ind1=" " ind2=" " tag="080"><subfield code="a">681.5</subfield></datafield><datafield ind1=" " ind2=" " tag="100"><subfield code="a">Ionescu, Vlad Si Popeea, Corneliu</subfield></datafield><datafield ind1=" " ind2=" " tag="245"><subfield code="a">Conducerea structuraal a sistemelor liniare</subfield></datafield><datafield ind1=" " ind2=" " tag="260"><subfield code="a">Bucuresti,Editura Tehnica, 1986. 564p</subfield></datafield><datafield ind1=" " ind2=" " tag="852"><subfield code="a">73085</subfield></datafield></record></collection>